@STRING{aistats = {AISTATS}}
@STRING{cvpr = {CVPR}}
@STRING{emnlp = {EMNLP}}
@STRING{focs = {FOCS}}
@STRING{iccv = {ICCV}}
@STRING{icdr = {ICDR}}
@STRING{icml = {ICML}}
@STRING{ijcv = {IJCV}}
@STRING{jmlr = {JMLR}}
@STRING{nc = {Neural Comput.}}
@STRING{nips = {NIPS}}
@STRING{pami = {IEEE Trans. PAMI}}
@STRING{sigir = {SIGIR}}
@STRING{stoc = {STOC}}
@STRING{socg = {SoCG}}
@STRING{uai = {UAI}}
@STRING{vissapp = {VISSAPP}}
@STRING{eccv = {ECCV}}
@STRING{acl = {ACL}}
@STRING{iclr = {ICLR}}
@STRING{icassp = {ICASSP}}
@STRING{asru = {ASRU}}
@STRING{machlearning = {Mach. Learn. J.}}
@STRING{aaai = {AAAI}}
@STRING{naacl = {NAACL}}
@STRING{iros = {IROS}}
@STRING{tacl = {TACL}}

@inproceedings{ding2017cold,
  title={Cold-Start Reinforcement Learning with Softmax Policy Gradient},
  author={Ding, Nan and Soricut, Radu},
  booktitle={Advances in Neural Information Processing Systems},
  pages={2817--2826},
  year={2017}
}

@inproceedings{norouzi2016reward,
  title={Reward augmented maximum likelihood for neural structured prediction},
  author={Norouzi, Mohammad and Bengio, Samy and Jaitly, Navdeep and Schuster, Mike and Wu, Yonghui and Schuurmans, Dale and others},
  booktitle={Advances In Neural Information Processing Systems},
  pages={1723--1731},
  year={2016}
}

@inproceedings{nachum2017bridging,
  title={Bridging the gap between value and policy based reinforcement learning},
  author={Nachum, Ofir and Norouzi, Mohammad and Xu, Kelvin and Schuurmans, Dale},
  booktitle={Advances in Neural Information Processing Systems},
  pages={2775--2785},
  year={2017}
}

@inproceedings{konda2000actor,
  title={Actor-critic algorithms},
  author={Konda, Vijay R and Tsitsiklis, John N},
  booktitle={Advances in neural information processing systems},
  pages={1008--1014},
  year={2000}
}

@inproceedings{Oh2018SelfImitationL,
  title={Self-Imitation Learning},
  author={Junhyuk Oh and Yijie Guo and Satinder Singh and Honglak Lee},
  year={2018}
}

@article{lin1992self,
  title={Self-improving reactive agents based on reinforcement learning, planning and teaching},
  author={Lin, Long-Ji},
  journal={Machine learning},
  volume={8},
  number={3-4},
  pages={293--321},
  year={1992},
  publisher={Springer}
}

@article{abolafia2018neural,
  title={Neural Program Synthesis with Priority Queue Training},
  author={Abolafia, Daniel A and Norouzi, Mohammad and Le, Quoc V},
  journal={arXiv preprint arXiv:1801.03526},
  year={2018}
}

@inproceedings{houthooft2016vime,
  title={Vime: Variational information maximizing exploration},
  author={Houthooft, Rein and Chen, Xi and Duan, Yan and Schulman, John and De Turck, Filip and Abbeel, Pieter},
  booktitle={Advances in Neural Information Processing Systems},
  pages={1109--1117},
  year={2016}
}

@inproceedings{bellemare2016unifying,
  title={Unifying count-based exploration and intrinsic motivation},
  author={Bellemare, Marc and Srinivasan, Sriram and Ostrovski, Georg and Schaul, Tom and Saxton, David and Munos, Remi},
  booktitle={Advances in Neural Information Processing Systems},
  pages={1471--1479},
  year={2016}
}


@article{Dong2018CoarsetoFineDF,
  title={Coarse-to-Fine Decoding for Neural Semantic Parsing},
  author={Li Dong and Mirella Lapata},
  journal={CoRR},
  year={2018},
  volume={abs/1805.04793}
}

@inproceedings{mnih2016asynchronous,
  title={Asynchronous methods for deep reinforcement learning},
  author={Mnih, Volodymyr and Badia, Adria Puigdomenech and Mirza, Mehdi and Graves, Alex and Lillicrap, Timothy and Harley, Tim and Silver, David and Kavukcuoglu, Koray},
  booktitle={International Conference on Machine Learning},
  pages={1928--1937},
  year={2016}
}

@article{ xu2018sqlnet,
title={{SQLN}et: Generating Structured Queries From Natural Language Without Reinforcement Learning},
author={Xiaojun Xu and Chang Liu and Dawn Song},
year={2018},
journal=iclr,
}

@article{huang2018NaturalLT,
  title={Natural Language to Structured Query Generation via Meta-Learning},
  author={Po-Sen Huang and Chenglong Wang and Rishabh Singh and Wen-tau Yih and Xiaodong He},
  journal={CoRR},
  year={2018},
  volume={abs/1803.02400}
}

@article{
wang2017pointing,
title={Pointing Out {SQL} Queries From Text},
author={Chenglong Wang and Marc Brockschmidt and Rishabh Singh},
journal=iclr,
year={2018},
}

@article{Yu2018TypeSQLKT,
  title={TypeSQL: Knowledge-based Type-Aware Neural Text-to-SQL Generation},
  author={Yu, Tao and Li, Zifan and Zhang, Zilin and Zhang, Rui and Radev, Dragomir},
  journal={arXiv:1804.09769},
  year={2018}
}

@article{Sun2018SemanticPW,
  title={Semantic Parsing with Syntax-and Table-Aware SQL Generation},
  author={Sun, Yibo and Tang, Duyu and Duan, Nan and Ji, Jianshu and Cao, Guihong and Feng, Xiaocheng and Qin, Bing and Liu, Ting and Zhou, Ming},
  journal={arXiv:1804.08338},
  year={2018}
}

@article{mirhoseini2018placement,
title	= {Hierarchical Planning for Device Placement},
author	= {Azalia Mirhoseini and Anna Goldie and Hieu Pham and Benoit Steiner and Quoc V. Le and Jeff Dean},
journal=iclr,
year	= {2018},
}
@article{
wu2018variance,
title={Variance Reduction for Policy Gradient with Action-Dependent Factorized Baselines},
author={Cathy Wu and Aravind Rajeswaran and Yan Duan and Vikash Kumar and Alexandre M Bayen and Sham Kakade and Igor Mordatch and Pieter Abbeel},
journal=iclr,
year={2018}
}

@article{wang2013vr,
title = {Variance Reduction for Stochastic Gradient Optimization},
author = {Wang, Chong and Chen, Xi and Smola, Alexander J and Xing, Eric P},
journal = nips,
year = {2013},
}

@inproceedings{
bunel2018leveraging,
title={Leveraging Grammar and Reinforcement Learning for Neural Program Synthesis},
author={Rudy Bunel and Matthew Hausknecht and Jacob Devlin and Rishabh Singh and Pushmeet Kohli},
booktitle={International Conference on Learning Representations},
year={2018}
}
@article{balog2017deepcoder,
  title = {DeepCoder: Learning to Write Programs},
  author = {Balog, M. and Gaunt, A. L. and Brockschmidt, M. and Nowozin, S. and Tarlow, D.},
  journal = iclr,
  year = {2017},
}
@article{espeholt2018impala,
  title={IMPALA: Scalable Distributed Deep-RL with Importance Weighted Actor-Learner Architectures},
  author={Espeholt, Lasse and Soyer, Hubert and Munos, Remi and Simonyan, Karen and Mnih, Volodymir and Ward, Tom and Doron, Yotam and Firoiu, Vlad and Harley, Tim and Dunning, Iain and others},
  journal={arXiv:1802.01561},
  year={2018}
}

@article{hester2017demonstrations,
author = {Hester, Todd and Vecerik, Matej and Pietquin, Olivier and Lanctot, Marc and Schaul, Tom and Piot, Bilal and Sendonaris, Andrew and Dulac-Arnold, Gabriel and Osband, Ian and Agapiou, John and Z. Leibo, Joel and Gruslys, Audrunas},
year = {2018},
journal={AAAI},
title = {Deep Q-learning from Demonstrations}
}

@article{zhong2017seq2sql,
  title={Seq2SQL: Generating Structured Queries from Natural Language using Reinforcement Learning},
  author={Zhong, Victor and Xiong, Caiming and Socher, Richard},
  journal={arXiv:1709.00103},
  year={2017}
}

@article{mudrakarta2018training,
  title={It was the training data pruning too!},
  author={Mudrakarta, Pramod Kaushik and Taly, Ankur and Sundararajan, Mukund and Dhamdhere, Kedar},
  journal={arXiv:1803.04579},
  year={2018}
}

@incollection{tang2017count,
title = {\#Exploration: A Study of Count-Based Exploration for Deep Reinforcement Learning},
author = {Tang, Haoran and Houthooft, Rein and Foote, Davis and Stooke, Adam and Xi Chen, OpenAI and Duan, Yan and Schulman, John and DeTurck, Filip and Abbeel, Pieter},
booktitle = {Advances in Neural Information Processing Systems 30},
editor = {I. Guyon and U. V. Luxburg and S. Bengio and H. Wallach and R. Fergus and S. Vishwanathan and R. Garnett},
pages = {2753--2762},
year = {2017},
publisher = {Curran Associates, Inc.},
}

@inproceedings{pathak2017curiosity,
    Author = {Pathak, Deepak and
    Agrawal, Pulkit and
    Efros, Alexei A. and
    Darrell, Trevor},
    Title = {Curiosity-driven Exploration
    by Self-supervised Prediction},
    Booktitle = {ICML},
    Year = {2017}
}

@article{nair2017overcoming,
  title={Overcoming exploration in reinforcement learning with demonstrations},
  author={Nair, Ashvin and McGrew, Bob and Andrychowicz, Marcin and Zaremba, Wojciech and Abbeel, Pieter},
  journal={arXiv:1709.10089},
  year={2017}
}

@article{vevcerik2017leveraging,
  title={Leveraging demonstrations for deep reinforcement learning on robotics problems with sparse rewards},
  author={Ve{\v{c}}er{\'\i}k, Matej and Hester, Todd and Scholz, Jonathan and Wang, Fumin and Pietquin, Olivier and Piot, Bilal and Heess, Nicolas and Roth{\"o}rl, Thomas and Lampe, Thomas and Riedmiller, Martin},
  journal={arXiv:1707.08817},
  year={2017}
}

@article{andrychowicz2017hindsight,
  title={Hindsight experience replay},
  author={Andrychowicz, Marcin and Wolski, Filip and Ray, Alex and Schneider, Jonas and Fong, Rachel and Welinder, Peter and McGrew, Bob and Tobin, Josh and Abbeel, OpenAI Pieter and Zaremba, Wojciech},
  journal=nips,
  year={2017}
}

@article{silver2017mastering,
  title={Mastering the game of go without human knowledge},
  author={Silver, David and Schrittwieser, Julian and Simonyan, Karen and Antonoglou, Ioannis and Huang, Aja and Guez, Arthur and Hubert, Thomas and Baker, Lucas and Lai, Matthew and Bolton, Adrian and others},
  journal={Nature},
  year={2017},
}

@article{mnih2015human,
  title={Human-level control through deep reinforcement learning},
  author={Mnih, Volodymyr and Kavukcuoglu, Koray and Silver, David and Rusu, Andrei A and Veness, Joel and Bellemare, Marc G and Graves, Alex and Riedmiller, Martin and Fidjeland, Andreas K and Ostrovski, Georg and others},
  journal={Nature},
  year={2015},
}

@article{zoph2016neural,
  title={Neural architecture search with reinforcement learning},
  author={Zoph, Barret and Le, Quoc V},
  journal={arXiv:1611.01578},
  year={2016}
}

@article{paulus2017deep,
  title={A deep reinforced model for abstractive summarization},
  author={Paulus, Romain and Xiong, Caiming and Socher, Richard},
  journal={arXiv:1705.04304},
  year={2017}
}

@article{clark2016deep,
  title={Deep reinforcement learning for mention-ranking coreference models},
  author={Clark, Kevin and Manning, Christopher D},
  journal={arXiv:1609.08667},
  year={2016}
}

@article{zhang2017sentence,
  title={Sentence simplification with deep reinforcement learning},
  author={Zhang, Xingxing and Lapata, Mirella},
  journal={arXiv:1703.10931},
  year={2017}
}

@article{ranzato2015sequence,
  title={Sequence level training with recurrent neural networks},
  author={Ranzato, Marc'Aurelio and Chopra, Sumit and Auli, Michael and Zaremba, Wojciech},
  journal=iclr,
  year={2016}
}

@article{graves2016hybrid,
  title={Hybrid computing using a neural network with dynamic external memory},
  author={Graves, Alex and Wayne, Greg and Reynolds, Malcolm and Harley, Tim and Danihelka, Ivo and Grabska-Barwi{\'n}ska, Agnieszka and Colmenarejo, Sergio G{\'o}mez and Grefenstette, Edward and Ramalho, Tiago and Agapiou, John and others},
  journal={Nature},
  year={2016},
}

@ARTICLE{dempster1977mml,
    author = {A. P. Dempster and N. M. Laird and D. B. Rubin},
    title = {Maximum likelihood from incomplete data via the EM algorithm},
    journal = {Journal of the Royal Statistical Society, Series B},
    year = {1977},
}
@article{Neelakantan2016LearningAN,
  title={Learning a Natural Language Interface with Neural Programmer},
  author={Arvind Neelakantan and Quoc V. Le and Mart{\'i}n Abadi and Andrew D McCallum and Dario Amodei},
  journal={arXiv:1611.08945},
  year={2016},
}

@article{krishnamurthy2017neural,
  title={Neural semantic parsing with type constraints for semi-structured tables},
  author={Krishnamurthy, Jayant and Dasigi, Pradeep and Gardner, Matt},
  journal=emnlp,
  year={2017}
}

@article{guu2017language,
  title={From Language to Programs: Bridging Reinforcement Learning and Maximum Marginal Likelihood},
  author={Guu, Kelvin and Pasupat, Panupong and Liu, Evan and Liang, Percy},
  journal=acl,
  year={2017}
}

@article{hochreiter1997long,
  title={Long short-term memory},
  author={Hochreiter, Sepp and Schmidhuber, J{\"u}rgen},
  journal=nc,
  year={1997},
}

@article{hinton2012deep,
  title={Deep neural networks for acoustic modeling in speech recognition: The shared views of four research groups},
  author={Hinton, Geoffrey and Deng, Li and Yu, Dong and Dahl, George E and Mohamed, Abdel-rahman and Jaitly, Navdeep and Senior, Andrew and Vanhoucke, Vincent and Nguyen, Patrick and Sainath, Tara N and others},
  journal={IEEE Signal Processing Magazine},
  year={2012},
}

@article{crouse2016,
  title={Co-Learning of Language Understanding and Reasoning from Question-Answer Pairs},
  author={Crouse, M. and McFate, C. and Forbus, K.},
  year={2016}
}


@article{Hinton2012DeepNN,
  title={Deep Neural Networks for Acoustic Modeling in Speech Recognition},
  author={Geoffrey E. Hinton and Li Deng and Dong Yu and George Dahl and Abdel-Rahman Mohamed and Navdeep Jaitly and Andrew Senior and Vincent Vanhoucke and Patrick Nguyen and Tara Sainath and Brian Kingsbury},
  year={2012}
}

@article{schaul2016prioritized,
author = {Schaul, Tom and Quan, John and Antonoglou, Ioannis and Silver, David},
journal = iclr,
title = {Prioritized Experience Replay},
year = {2016}
}

@Article{cho2014:gru,
  author    = {Cho, Kyunghyun  and  van Merrienboer, Bart  and  Gulcehre, Caglar  and  Bahdanau, Dzmitry  and  Bougares, Fethi  and  Schwenk, Holger  and  Bengio, Yoshua},
  title     = {Learning Phrase Representations using RNN Encoder--Decoder for Statistical Machine Translation},
  journal = emnlp,
  year      = {2014},
}

@article{graves2016ntm,
    author = {Graves, Alex and Wayne, Greg and Reynolds, Malcolm and Harley, Tim and Danihelka, Ivo and Grabska-Barwinska, Agnieszka and Colmenarejo, Sergio G. and Grefenstette, Edward and Ramalho, Tiago and Agapiou, John and Badia, Adri\~{A} P. and Hermann, Karl M. and Zwols, Yori and Ostrovski, Georg and Cain, Adam and King, Helen and Summerfield, Christopher and Blunsom, Phil and Kavukcuoglu, Koray and Hassabis, Demis},
    journal = {Nature},
    publisher = {Nature Research},
    title = {{Hybrid computing using a neural network with dynamic external memory}},
    year = {2016}
}

@article{wiseman2016beam,
  author    = {Sam Wiseman and
               Alexander M. Rush},
  title     = {Sequence-to-Sequence Learning as Beam-Search Optimization},
  journal   = {arXiv:1606.02960},
  year      = {2016},
}

@article{wu2016gnmt,
  author    = {Yonghui Wu and
               Mike Schuster and
               Zhifeng Chen and
               Quoc V. Le and
               Mohammad Norouzi and
               Wolfgang Macherey and
               Maxim Krikun and
               Yuan Cao and
               Qin Gao and
               Klaus Macherey and
               Jeff Klingner and
               Apurva Shah and
               Melvin Johnson and
               Xiaobing Liu and
               Lukasz Kaiser and
               Stephan Gouws and
               Yoshikiyo Kato and
               Taku Kudo and
               Hideto Kazawa and
               Keith Stevens and
               George Kurian and
               Nishant Patil and
               Wei Wang and
               Cliff Young and
               Jason Smith and
               Jason Riesa and
               Alex Rudnick and
               Oriol Vinyals and
               Greg Corrado and
               Macduff Hughes and
               Jeffrey Dean},
  title     = {Google's Neural Machine Translation System: Bridging the Gap between
               Human and Machine Translation},
  journal   = {arXiv:1609.08144},
  year      = {2016},
}

@article{bahdanau2014align,
  author    = {Dzmitry Bahdanau and
               Kyunghyun Cho and
               Yoshua Bengio},
  title     = {Neural Machine Translation by Jointly Learning to Align and Translate},
  journal   = {arXiv:1409.0473},
  year      = {2014},
}

@article{andreas2016compose,
  author    = {Jacob Andreas and
               Marcus Rohrbach and
               Trevor Darrell and
               Dan Klein},
  title     = {Learning to Compose Neural Networks for Question Answering},
  journal   = {arXiv:1601.01705},
  year      = {2016},
}

@article{Pennington2014GloveGV,
  title={Glove: Global Vectors for Word Representation},
  author={Jeffrey Pennington and Richard Socher and Christopher D. Manning},
  journal=emnlp,
  year={2014}
}

@book{sutton1998reinforcement,
  author = {Sutton, Richard S. and Barto, Andrew G.},
  publisher = {MIT Press},
  title = {Reinforcement Learning: An Introduction},
  year = 1998
}

@article{deepmind2016go,
title = {Mastering the game of Go with deep neural networks and tree search},
author  = {David Silver and Aja Huang and Christopher J. Maddison and Arthur Guez and Laurent Sifre and George van den Driessche and Julian Schrittwieser and Ioannis Antonoglou and Veda Panneershelvam and Marc Lanctot and Sander Dieleman and Dominik Grewe and John Nham and Nal Kalchbrenner and Ilya Sutskever and Timothy Lillicrap and Madeleine Leach and Koray Kavukcuoglu and Thore Graepel and Demis Hassabis},
year  = 2016,
journal = {Nature},
}

@article{mnih2014visual,
title = {Recurrent Models of Visual Attention},
author = {Mnih, Volodymyr and Heess, Nicolas and Graves, Alex and kavukcuoglu, koray},
journal = nips,
year = {2014},
}

@ARTICLE{Williams92simplestatistical,
    author = {Ronald J. Williams},
    title = {Simple statistical gradient-following algorithms for connectionist reinforcement learning},
    journal = {Machine Learning},
    year = {1992},
    pages = {229--256}
}

@article{sutton2000policy,
title = {Policy Gradient Methods for Reinforcement Learning with Function Approximation},
author = {Sutton, Richard S and David A. McAllester and Satinder P. Singh and Mansour, Yishay},
journal = nips,
year = {2000},
}

@article{abadi2016tensorflow,
  author    = {Mart{\'{\i}}n Abadi and
               Ashish Agarwal and
               Paul Barham and
               Eugene Brevdo and
               Zhifeng Chen and
               Craig Citro and
               Gregory S. Corrado and
               Andy Davis and
               Jeffrey Dean and
               Matthieu Devin and
               Sanjay Ghemawat and
               Ian J. Goodfellow and
               Andrew Harp and
               Geoffrey Irving and
               Michael Isard and
               Yangqing Jia and
               Rafal J{\'{o}}zefowicz and
               Lukasz Kaiser and
               Manjunath Kudlur and
               Josh Levenberg and
               Dan Man{\'{e}} and
               Rajat Monga and
               Sherry Moore and
               Derek Gordon Murray and
               Chris Olah and
               Mike Schuster and
               Jonathon Shlens and
               Benoit Steiner and
               Ilya Sutskever and
               Kunal Talwar and
               Paul A. Tucker and
               Vincent Vanhoucke and
               Vijay Vasudevan and
               Fernanda B. Vi{\'{e}}gas and
               Oriol Vinyals and
               Pete Warden and
               Martin Wattenberg and
               Martin Wicke and
               Yuan Yu and
               Xiaoqiang Zheng},
  title     = {TensorFlow: Large-Scale Machine Learning on Heterogeneous Distributed
               Systems},
  journal   = {ArXiv:1603.04467},
  year      = {2016},
}

@article{graves2014neural,
  title={Neural turing machines},
  author={Graves, Alex and Wayne, Greg and Danihelka, Ivo},
  journal={arXiv:1410.5401},
  year={2014}
}

@article{zaremba2015reinforcement,
  title={Reinforcement learning neural Turing machines},
  author={Zaremba, Wojciech and Sutskever, Ilya},
  journal={arXiv:1505.00521},
  year={2015}
}

@article{joulin2015inferring,
  title={Inferring algorithmic patterns with stack-augmented recurrent nets},
  author={Joulin, Armand and Mikolov, Tomas},
  journal=nips,
  year={2015}
}

@article{zaremba2015learning,
  title={Learning Simple Algorithms from Examples},
  author={Zaremba, Wojciech and Mikolov, Tomas and Joulin, Armand and Fergus, Rob},
  journal={arXiv:1511.07275},
  year={2015}
}

@article{DBLP:journals/corr/WestonCB14,
  author    = {Jason Weston and
               Sumit Chopra and
               Antoine Bordes},
  title     = {Memory Networks},
  journal   = {CoRR},
  volume    = {abs/1410.3916},
  year      = {2014},
  url       = {http://arxiv.org/abs/1410.3916},
  timestamp = {Sun, 02 Nov 2014 11:25:59 +0100},
  biburl    = {http://dblp.uni-trier.de/rec/bib/journals/corr/WestonCB14},
  bibsource = {dblp computer science bibliography, http://dblp.org}
}


@article{neelakantan2015neural,
  title={Neural Programmer: Inducing latent programs with gradient descent},
  author={Neelakantan, Arvind and Le, Quoc V and Sutskever, Ilya},
  journal={arXiv:1511.04834},
  year={2015}
}



@article{yih2015semantic,
  title={Semantic parsing via staged query graph generation: Question answering with knowledge base},
  author={Yih, Wen-tau and Chang, Ming-Wei and He, Xiaodong and Gao, Jianfeng},
  journal=acl,
  year={2015}
}

@inproceedings{haug2018NeuralMR,
  title={Neural Multi-step Reasoning for Question Answering on Semi-structured Tables},
  author={Till Haug and Octavian-Eugen Ganea and Paulina Grnarova},
  booktitle={ECIR},
  year={2018}
}

@article{zhang2017macro,
  author    = {Yuchen Zhang and
               Panupong Pasupat and
               Percy Liang},
  title     = {Macro Grammars and Holistic Triggering for Efficient Semantic Parsing},
  journal = acl,
  year      = {2017},
}

@article{pasupat2016denotations,
  author    = {Panupong Pasupat and
               Percy Liang},
  title     = {Inferring Logical Forms From Denotations},
  journal = acl,
  year      = {2016}
}

@article{pasupat2015tables,
  title     = {Compositional Semantic Parsing on Semi-Structured Tables},
  author    = {Panupong Pasupat and
               Percy Liang},
  journal = acl,
  year      = {2015}
}

@article{Yu2015Skim,
  title={Learning to Skim Text},
  author={Yu, Adam and Lee, Hongrae and Le, Quoc},
  journal={ACL},
  year={2017}
}

@article{yih2016webquestionssp,
  title={The Value of Semantic Parse Labeling for Knowledge Base Question Answering},
  author={Yih, Wen-tau and Richardson, Matthew and Meek, Chris and Chang, Ming-Wei and Suh, Jina},
  journal=acl,
  year={2016}
}

@article{li2016deep,
  title={Deep reinforcement learning for dialogue generation},
  author={Li, Jiwei and Monroe, Will and Ritter, Alan and Galley, Michel and Gao, Jianfeng and Jurafsky, Dan},
  journal={arXiv:1606.01541},
  year={2016}
}

@article{liang2015learning,
  title={Learning Plausible Inferences from Semantic Web Knowledge by Combining Analogical Generalization with Structured Logistic Regression.},
  author={Liang, Chen and Forbus, Kenneth D},
  journal={AAAI},
  pages={551--557},
  year={2015}
}



@article{sutskever2014sequence,
  title={Sequence to sequence learning with neural networks},
  author={Sutskever, Ilya and Vinyals, Oriol and Le, Quoc V},
  journal=nips,
  year={2014}
}

@article{berant2013semantic,
  title={Semantic Parsing on Freebase from Question-Answer Pairs.},
  author={Berant, Jonathan and Chou, Andrew and Frostig, Roy and Liang, Percy},
  journal={EMNLP},
  volume={2},
  number={5},
  pages={6},
  year={2013}
}

@article{berant2014semantic,
  title={Semantic Parsing via Paraphrasing.},
  author={Berant, Jonathan and Liang, Percy},
  journal={ACL (1)},
  pages={1415--1425},
  year={2014}
}

@article{winograd1972understanding,
  title={Understanding natural language},
  author={Winograd, Terry},
  journal={Cognitive psychology},
  volume={3},
  number={1},
  pages={1--191},
  year={1972},
  publisher={Elsevier}
}

@article{mcfateanalogical,
  title={Analogical Generalization and Retrieval for Denominal Verb Interpretation},
  author={McFate, Clifton J and Forbus, Kenneth D}
}


@article{branavan2009reinforcement,
  title={Reinforcement learning for mapping instructions to actions},
  author={Branavan, Satchuthananthavale RK and Chen, Harr and Zettlemoyer, Luke S and Barzilay, Regina},
  journal=acl,
  year={2009},
}

@article{forbus2009companion,
  title={Companion Cognitive Systems: Design Goals and Some Lessons Learned},
  author={Forbus, Kenneth and Klenk, Matthew and Hinrichs, Thomas},
  year={2009},
  publisher={IEEE}
}

@article{forbus2006companion,
  title={Companion cognitive systems: a step toward Human-Level AI},
  author={Forbus, Kenneth D and Hinrichs, Thomas R},
  journal={AI magazine},
  volume={27},
  number={2},
  pages={83},
  year={2006}
}

@article{branavan2010reading,
  title={Reading between the lines: Learning to map high-level instructions to commands},
  author={Branavan, SRK and Zettlemoyer, Luke S and Barzilay, Regina},
  journal=acl,
  year={2010},
}

@article{kwiatkowski2010inducing,
  title={Inducing probabilistic CCG grammars from logical form with higher-order unification},
  author={Kwiatkowski, Tom and Zettlemoyer, Luke and Goldwater, Sharon and Steedman, Mark},
  journal=emnlp,
  year={2010},
}


@article{jia2016data,
  title={Data recombination for neural semantic parsing},
  author={Jia, Robin and Liang, Percy},
  journal=acl,
  year={2016}
}

@article{dong2016language,
  title={Language to logical form with neural attention},
  author={Dong, Li and Lapata, Mirella},
  journal=acl,
  year={2016}
}

@article{wang2015building,
  title={Building a semantic parser overnight},
  author={Wang, Yushi and Berant, Jonathan and Liang, Percy},
  journal=acl,
  year={2015}
}

@article{weston2014memory,
  title={Memory networks},
  author={Weston, Jason and Chopra, Sumit and Bordes, Antoine},
  journal={arXiv:1410.3916},
  year={2014}
}

@article{sukhbaatar2015weakly,
  title={Weakly supervised memory networks},
  author={Sukhbaatar, Sainbayar and Szlam, Arthur and Weston, Jason and Fergus, Rob},
  journal={arXiv:1503.08895},
  year={2015}
}

@article{lao2011random,
  title={Random walk inference and learning in a large scale knowledge base},
  author={Lao, Ni and Mitchell, Tom and Cohen, William W},
  journal=emnlp,
  year={2011},
}

@article{liang2016executable,
  author = {P. Liang},
  journal = {Communications of the ACM},
  title = {Learning Executable Semantic Parsers for Natural Language Understanding},
  volume = {0},
  year = {2016},
}

@article{liang2015semantics,
  author = {P. Liang and C. Potts},
  journal = {Annual Reviews of Linguistics},
  number = {1},
  pages = {355--376},
  title = {Bringing machine learning and compositional semantics together},
  volume = {1},
  year = {2015},
}

@article{silver2016mastering,
  title={Mastering the game of Go with deep neural networks and tree search},
  author={Silver, David and Huang, Aja and Maddison, Chris J and Guez, Arthur and Sifre, Laurent and Van Den Driessche, George and Schrittwieser, Julian and Antonoglou, Ioannis and Panneershelvam, Veda and Lanctot, Marc and others},
  journal={Nature},
  volume={529},
  number={7587},
  pages={484--489},
  year={2016},
  publisher={Nature Publishing Group}
}

@article{kaiser2015neural,
  title={Neural GPUs learn algorithms},
  author={Kaiser, {\L}ukasz and Sutskever, Ilya},
  journal={arXiv:1511.08228},
  year={2015}
}

@phdthesis{zaremba2016learning,
  title={Learning Algorithms from Data},
  author={Zaremba, Wojciech},
  year={2016},
  school={New York University}
}

@article{Neelakantan2015NeuralPI,
  title={Neural Programmer: Inducing Latent Programs with Gradient Descent},
  author={Arvind Neelakantan and Quoc V. Le and Ilya Sutskever},
  journal={CoRR},
  year={2015},
  volume={abs/1511.04834}
}

@article{reed2015neural,
  title={Neural Programmer-Interpreters},
  author={Reed, Scott and de Freitas, Nando},
  journal={ICLR},
  year={2016}
}

@article{DBLP:journals/corr/KurachAS15,
  author    = {Karol Kurach and
               Marcin Andrychowicz and
               Ilya Sutskever},
  title     = {Neural Random-Access Machines},
  journal   = {CoRR},
  volume    = {abs/1511.06392},
  year      = {2015},
  url       = {http://arxiv.org/abs/1511.06392},
  timestamp = {Tue, 01 Dec 2015 19:22:34 +0100},
  biburl    = {http://dblp.uni-trier.de/rec/bib/journals/corr/KurachAS15},
  bibsource = {dblp computer science bibliography, http://dblp.org}
}

@article{zettlemoyer05ccg,
  author = {L. S. Zettlemoyer and M. Collins},
  journal = {Uncertainty in Artificial Intelligence (UAI)},
  pages = {658--666},
  title = {Learning to Map Sentences to Logical Form: Structured Classification with Probabilistic Categorial Grammars},
  year = {2005},
}
@article{zettlemoyer07relaxed,
  author = {L. S. Zettlemoyer and M. Collins},
  journal = {Empirical Methods in Natural Language Processing and Computational Natural Language Learning (EMNLP/CoNLL)},
  pages = {678--687},
  title = {Online Learning of Relaxed {CCG} Grammars for Parsing to Logical Form},
  year = {2007},
}

@article{ge05scissor,
  author = {R. Ge and R. J. Mooney},
  journal = {Computational Natural Language Learning (CoNLL)},
  pages = {9--16},
  title = {A Statistical Semantic Parser that Integrates Syntax and Semantics},
  year = {2005},
}

@article{kwiatkowski2013scaling,
  author = {T. Kwiatkowski and E. Choi and Y. Artzi and L. Zettlemoyer},
  journal = {Empirical Methods in Natural Language Processing (EMNLP)},
  title = {Scaling Semantic Parsers with On-the-fly Ontology Matching},
  year = {2013},
}

@article{cai2013large,
  author = {Q. Cai and A. Yates},
  journal = acl,
  title = {Large-scale Semantic Parsing via Schema Matching and Lexicon Extension},
  year = {2013},
}

@article{liang11dcs,
  author = {P. Liang and M. I. Jordan and D. Klein},
  journal = acl,
  title = {Learning Dependency-Based Compositional Semantics},
  year = {2011},
}

@article{clarke10world,
  author = {J. Clarke and D. Goldwasser and M. Chang and D. Roth},
  journal = {Computational Natural Language Learning (CoNLL)},
  pages = {18--27},
  title = {Driving Semantic Parsing from the World's Response},
  year = {2010},
}

@article{bollacker2008freebase,
  author = {K. Bollacker and C. Evans and P. Paritosh and T. Sturge and J. Taylor},
  journal = {International Conference on Management of Data (SIGMOD)},
  pages = {1247--1250},
  title = {{F}reebase: a collaboratively created graph database for structuring human knowledge},
  year = {2008},
}

@article{wu2016visual,
  title={Visual Question Answering: A Survey of Methods and Datasets},
  author={Wu, Qi and Teney, Damien and Wang, Peng and Shen, Chunhua and Dick, Anthony and Hengel, Anton van den},
  journal={arXiv:1607.05910},
  year={2016}
}

@article{KingmaB14,
  author    = {Diederik P. Kingma and
               Jimmy Ba},
  title     = {Adam: {A} Method for Stochastic Optimization},
  journal   = {CoRR},
  volume    = {abs/1412.6980},
  year      = {2014},
  url       = {http://arxiv.org/abs/1412.6980},
  timestamp = {Thu, 01 Jan 2015 19:51:08 +0100},
  biburl    = {http://dblp.uni-trier.de/rec/bib/journals/corr/KingmaB14},
  bibsource = {dblp computer science bibliography, http://dblp.org}
}

@article{Schmidhuber04,
  author    = {J{\"{u}}rgen Schmidhuber},
  title     = {Optimal Ordered Problem Solver},
  journal   = {Machine Learning},
  volume    = {54},
  number    = {3},
  pages     = {211--254},
  year      = {2004},
}

@article{zelle96geoquery,
  author = {M. Zelle and R. J. Mooney},
  journal = {Association for the Advancement of Artificial Intelligence (AAAI)},
  pages = {1050--1055},
  title = {Learning to parse database queries using inductive logic programming},
  year = {1996},
}

@article{ross2011reduction,
  author = {S. Ross and G. Gordon and A. Bagnell},
  journal = {Artificial Intelligence and Statistics (AISTATS)},
  title = {A reduction of imitation learning and structured prediction to no-regret online learning},
  year = {2011},
}

@article{daume09searn,
  author = {H. Daume and J. Langford and D. Marcu},
  journal = {Machine Learning},
  pages = {297--325},
  title = {Search-based Structured Prediction},
  volume = {75},
  year = {2009},
}

@article{jiang2012learned,
  author = {J. Jiang and A. Teichert and J. Eisner and H. Daume},
  journal = nips,
  title = {Learned prioritization for trading off accuracy and speed},
  year = {2012},
}

@article{bollacker2008freebase1,
  author = {K. Bollacker and C. Evans and P. Paritosh and T. Sturge and J. Taylor},
  journal = {International Conference on Management of Data (SIGMOD)},
  pages = {1247--1250},
  title = {{F}reebase: a collaboratively created graph database for structuring human knowledge},
  year = {2008},
}

@article{berant2015imitation,
  title={Imitation learning of agenda-based semantic parsers},
  author={Berant, Jonathan and Liang, Percy},
  journal=tacl,
  year={2015}
}

@article{yin2015neural,
  title={Neural enquirer: Learning to query tables},
  author={Yin, Pengcheng and Lu, Zhengdong and Li, Hang and Kao, Ben},
  journal={arXiv:1512.00965},
  year={2015}
}

@article{norouzi2016,
  title = {Reward Augmented Maximum Likelihood for Neural Structured Prediction},
  author = {Norouzi, Mohammad and Bengio, Samy and Chen, zhifeng and Jaitly, Navdeep and Schuster, Mike and Wu, Yonghui and Schuurmans, Dale},
  journal = nips,
  year = {2016},
}

@article{vinyals2015pointer,
  title = {Pointer Networks},
  author = {Vinyals, Oriol and Fortunato, Meire and Jaitly, Navdeep},
  journal = nips,
  year = {2015},
}

@article{calo2013,
  title={CALO: cognitive assistant that learns and organizes.},
  author={SRI},
  journal={https://pal.sri.com. Retrieved 10 June 2013},
  year={2013}
}

@article{clippy2016,
  title={Why People Yell at Their Computer Monitors and Hate Microsoft's Clippy},
  author={G4TV},
  journal={g4tv.com-video4080 Retrieved 4 June 2016 – via Internet Archive},
  year={2016}
}

@article{liang2017nsm,
  author    = {Chen Liang and
               Jonathan Berant and
               Quoc Le and
               Kenneth D. Forbus and
               Ni Lao},
  title     = {Neural Symbolic Machines: Learning Semantic Parsers on Freebase with
               Weak Supervision},
  journal = acl,
  year      = {2017}
}

@article{zoph2016,
  title={Neural architecture search with reinforcement learning},
  author={Zoph, Barret and Le, Quoc V},
  journal=iclr,
  year={2016}
}

@article{zoph2017,
  title={Learning transferable architectures for scalable image recognition},
  author={Zoph, Barret and Vasudevan, Vijay and Shlens, Jonathon and Le, Quoc V},
  journal={arXiv:1707.07012},
  year={2017}
}

@article{azalia2017,
  title={Device placement optimization with reinforcement learning},
  author={Mirhoseini, Azalia and Pham, Hieu and Le, Quoc V and Steiner, Benoit and Larsen, Rasmus and Zhou, Yuefeng and Kumar, Naveen and Norouzi, Mohammad and Bengio, Samy and Dean, Jeff},
  journal=icml,
  year={2017}
}

@article{peters2006,
  title={Policy gradient methods for robotics},
  author={Peters, Jan and Schaal, Stefan},
  journal=iros,
  year={2006},
}

@article{trpo2015,
  title={Trust region policy optimization},
  author={Schulman, John and Levine, Sergey and Abbeel, Pieter and Jordan, Michael and Moritz, Philipp},
  journal=icml,
  year={2015}
}

@article{npg2002,
  title={A natural policy gradient},
  author={Kakade, Sham M},
  journal=nips,
  year={2002}
}

@article{dasdialog2017,
  title={Learning cooperative visual dialog agents with deep reinforcement learning},
  author={Das, Abhishek and Kottur, Satwik and Moura, Jos{\'e} MF and Lee, Stefan and Batra, Dhruv},
  journal={arXiv:1703.06585},
  year={2017}
}

@article{rs2018,
title={Simple random search provides a competitive approach to reinforcement learning},
  author={Mania, Horia and Guy, Aurelia and Recht, Benjamin},
  journal={arXiv preprint arXiv:1803.07055},
  year={2018}
}

@article{pqt2018,
  title = {Neural Program Synthesis with Priority Queue Training},
  author = {Daniel A. Abolafia and Mohammad Norouzi and Jonathan Shen and Rui Zhao and Quoc V. Le},
  year = {2018},
  journal = {arXiv:1801.03526},
}

@article{degris2012,
  title={Off-policy actor-critic},
  author={Degris, Thomas and White, Martha and Sutton, Richard S},
  journal=icml,
  year={2012}
}

@article{ppo2017,
  title={Proximal policy optimization algorithms},
  author={Schulman, John and Wolski, Filip and Dhariwal, Prafulla and Radford, Alec and Klimov, Oleg},
  journal={arXiv:1707.06347},
  year={2017}
}

@article{wang2016sample,
  title={Sample efficient actor-critic with experience replay},
  author={Wang, Ziyu and Bapst, Victor and Heess, Nicolas and Mnih,
                  Volodymyr and Munos, Remi and Kavukcuoglu, Koray and
                  de Freitas, Nando},
  journal=iclr,
  year={2017}
}

@article{bello2016neural,
  title={Neural combinatorial optimization with reinforcement learning},
  author={Bello, Irwan and Pham, Hieu and Le, Quoc V and Norouzi, Mohammad and Bengio, Samy},
  journal={arXiv:1611.09940},
  year={2016}
}

@article{arcade2013,
  title={The arcade learning environment: An evaluation platform for general agents},
  author={Bellemare, Marc G and Naddaf, Yavar and Veness, Joel and Bowling, Michael},
  journal=jmlr,
  year={2013}
}

@article{gym2016,
  title={Openai gym},
  author={Brockman, Greg and Cheung, Vicki and Pettersson, Ludwig and Schneider, Jonas and Schulman, John and Tang, Jie and Zaremba, Wojciech},
  journal={arXiv:1606.01540},
  year={2016}
}

@article{rajeswaran2017towards,
  title={Towards generalization and simplicity in continuous control},
  author={Rajeswaran, Aravind and Lowrey, Kendall and Todorov, Emanuel V and Kakade, Sham M},
  journal=nips,
  year={2017}
}

@article{gotta2018gotta,
  title={Gotta Learn Fast: A New Benchmark for Generalization in RL},
  author={Nichol, Alex and Pfau, Vicki and Hesse, Christopher and Klimov, Oleg and Schulman, John},
  journal={arXiv:1804.03720},
  year={2018}
}

@article{roux2016tighter,
  title={Tighter bounds lead to improved classifiers},
  author={Roux, Nicolas Le},
  journal=iclr,
  year={2017}
}

@article{oh2018self,
  title={Self-Imitation Learning},
  author={Oh, Junhyuk and Guo, Yijie and Singh, Satinder and Lee, Honglak},
  journal=icml,
  year={2018}
}

@article{lecun98,
  title={Gradient-based learning applied to document recognition},
  author={LeCun, Yann and Bottou, L{\'e}on and Bengio, Yoshua and Haffner, Patrick},
  journal={Proceedings of the IEEE},
  year={1998},
}

@article{pcl,
  author    = {Ofir Nachum and
               Mohammad Norouzi and
               Kelvin Xu and
               Dale Schuurmans},
  title     = {Bridging the Gap Between Value and Policy Based Reinforcement Learning},
  journal   = nips,
  year      = {2017},
}

@article{raml,
  title={Reward augmented maximum likelihood for neural structured prediction},
  author={Norouzi, Mohammad and Bengio, Samy and Chen, Zhifeng and Jaitly, Navdeep and Schuster, Mike and Wu, Yonghui and Schuurmans, Dale},
  journal=nips,
  year={2016}
}

@article{hdml,
  title={Hamming distance metric learning},
  author={Norouzi, Mohammad and Fleet, David J and Salakhutdinov, Ruslan R},
  journal=nips,
  year={2012}
}

@article{mlh,
  title={Minimal loss hashing for compact binary codes},
  author={Norouzi, Mohammad and Fleet, David},
  journal=icml,
  year={2011},
}

@article{engodt,
  title={Efficient non-greedy optimization of decision trees},
  author={Norouzi, Mohammad and Collins, Maxwell and Johnson, Matthew A and Fleet, David J and Kohli, Pushmeet},
  journal=nips,
  year={2015}
}

@article{keypointnet,
  title={Discovery of latent 3d keypoints via end-to-end geometric reasoning},
  author={Suwajanakorn, Supasorn and Snavely, Noah and Tompson, Jonathan J and Norouzi, Mohammad},
  booktitle=nips,
  year={2018}
}

@article{mapo,
  title={Memory augmented policy optimization for program synthesis
                  with generalization},
  author={Liang, Chen and Norouzi, Mohammad and Berant, Jonathan and
                  Le, Quoc and Lao, Ni},
  journal=nips,
  year={2018}
}

@article{ocd,
  title={Optimal completion distillation for sequence learning},
  author={Sabour, Sara and Chan, William and Norouzi, Mohammad},
  journal={arXiv:1810.01398},
  year={2018}
}